@article {MR4102428,
    AUTHOR = {Bortoloti, M. A. A. and Fernandes, Teles A. and
              Ferreira, Orizon P. and Yuan, Jinyun},
     TITLE = {Damped {N}ewton's method on {R}iemannian manifolds},
   JOURNAL = {J. Global Optim.},
  FJOURNAL = {Journal of Global Optimization. An International Journal
              Dealing with Theoretical and Computational Aspects of Seeking
              Global Optima and Their Applications in Science, Management
              and Engineering},
    VOLUME = {77},
      YEAR = {2020},
    NUMBER = {3},
     PAGES = {643--660},
      ISSN = {0925-5001},
   MRCLASS = {49M15 (65K05 90C30)},
  MRNUMBER = {4102428},
       DOI = {10.1007/s10898-020-00885-0},
       URL = {https://doi.org/10.1007/s10898-020-00885-0},
}

@ARTICLE{905873,
  author={E. {Moreau}},
  journal={IEEE Transactions on Signal Processing},
  title={A generalization of joint-diagonalization criteria for source separation},
  year={2001},
  volume={49},
  number={3},
  pages={530-541},
  doi={10.1109/78.905873}}

@article {MR3734011,
    AUTHOR = {Sato, Hiroyuki},
     TITLE = {Riemannian {N}ewton-type methods for joint diagonalization on
              the {S}tiefel manifold with application to independent
              component analysis},
   JOURNAL = {Optimization},
  FJOURNAL = {Optimization. A Journal of Mathematical Programming and
              Operations Research},
    VOLUME = {66},
      YEAR = {2017},
    NUMBER = {12},
     PAGES = {2211--2231},
      ISSN = {0233-1934},
   MRCLASS = {49M15 (65K05 90C55)},
  MRNUMBER = {3734011},
MRREVIEWER = {Zhongwen Chen},
       DOI = {10.1080/02331934.2017.1359592},
       URL = {https://doi.org/10.1080/02331934.2017.1359592},
}

@article {EdelmanAriasSmith1999,
    AUTHOR = "Alan {Edelman} and Tom\'as A. {Arias} and Steven T. {Smith}",
     TITLE = {The geometry of algorithms with orthogonality constraints},
   JOURNAL = {SIAM J. Matrix Anal. Appl.},
  FJOURNAL = {SIAM Journal on Matrix Analysis and Applications},
    VOLUME = {20},
      YEAR = {1999},
    NUMBER = {2},
     PAGES = {303--353},
      ISSN = {0895-4798},
   MRCLASS = {65F30 (15A18 51F20 65H10 90C30)},
  MRNUMBER = {1646856},
MRREVIEWER = {Michael M. Dediu},
       DOI = {10.1137/S0895479895290954},
       URL = {http://dx.doi.org/10.1137/S0895479895290954},
}

@article {Gabay1982,
    AUTHOR = "D. {Gabay}",
     TITLE = {Minimizing a differentiable function over a differential
              manifold},
   JOURNAL = {J. Optim. Theory Appl.},
  FJOURNAL = {Journal of Optimization Theory and Applications},
    VOLUME = {37},
      YEAR = {1982},
    NUMBER = {2},
     PAGES = {177--219},
      ISSN = {0022-3239},
   MRCLASS = {49D37 (58C15 90C30)},
  MRNUMBER = {663521},
MRREVIEWER = {Jean-Paul Penot},
       DIO = {10.1007/BF00934767},
       URL = {http://dx.doi.org/10.1007/BF00934767},
}

@incollection {Smith1994,
    AUTHOR = "Steven T. {Smith}",
     TITLE = {Optimization techniques on {R}iemannian manifolds},
 BOOKTITLE = {Hamiltonian and gradient flows, algorithms and control},
    SERIES = {Fields Inst. Commun.},
    VOLUME = {3},
     PAGES = {113--136},
 PUBLISHER = {Amer. Math. Soc., Providence, RI},
      YEAR = {1994},
   MRCLASS = {58E25 (65K10 90C48)},
  MRNUMBER = {1297990},
MRREVIEWER = {D. Opri\AA ÂŸ},
}

@book {Smith1993,
    AUTHOR = "Steven T. {Smith}",
     TITLE = {Geometric optimization methods for adaptive filtering},
      NOTE = {Thesis (Ph.D.)--Harvard University},
 PUBLISHER = {ProQuest LLC, Ann Arbor, MI},
      YEAR = {1993},
     PAGES = {115},
   MRCLASS = {Thesis},
  MRNUMBER = {2689599},
       URL ={http://gateway.proquest.com/openurl?url_ver=Z39.88-2004&rft_val_fmt=info:ofi/fmt:kev:mtx:dissertation&res_dat=xri:pqdiss&rft_dat=xri:pqdiss:9331032},
}

@book {Udriste1994,
    AUTHOR = "Constantin {Udri\c ste}",
     TITLE = {Convex functions and optimization methods on {R}iemannian
              manifolds},
    SERIES = {Mathematics and its Applications},
    VOLUME = {297},
 PUBLISHER = {Kluwer Academic Publishers Group, Dordrecht},
      YEAR = {1994},
     PAGES = {xviii+348},
      ISBN = {0-7923-3002-1},
   MRCLASS = {49K27 (52A41 58C05 65K10 90C48)},
  MRNUMBER = {1326607},
MRREVIEWER = {Robert L. Foote},
       DOI = {10.1007/978-94-015-8390-9},
       URL = {http://dx.doi.org/10.1007/978-94-015-8390-9},
}

@article {FerreiraandSvaiter2002,
    AUTHOR = "O. P. {Ferreira} and B. F. {Svaiter}",
     TITLE = {Kantorovich's theorem on {N}ewton's method in {R}iemannian
              manifolds},
   JOURNAL = {J. Complexity},
  FJOURNAL = {Journal of Complexity},
    VOLUME = {18},
      YEAR = {2002},
    NUMBER = {1},
     PAGES = {304--329},
      ISSN = {0885-064X},
   MRCLASS = {65J15 (58E99)},
  MRNUMBER = {1895088},
       DOI = {10.1006/jcom.2001.0582},
       URL = {http://dx.doi.org/10.1006/jcom.2001.0582},
}

@article {BittencourtandFerreira2016,
    AUTHOR = "T. {Bittencourt} and O. P. {Ferreira}",
     TITLE = {Kantorovich?s theorem on Newton?s method under majorant condition in   Riemannian manifolds},
   JOURNAL = {Journal of Global Optimization},
  FJOURNAL = {Journal of Complexity},
      YEAR = {2016},
     PAGES = {1--25},
     PUBLISHER = {Springer}
}

@article {Absil2014,
    AUTHOR = "P. A. {Absil}  and Luca {Amodei} and Gilles {Meyer}",
     TITLE = {Two {N}ewton methods on the manifold of fixed-rank matrices
              endowed with {R}iemannian quotient geometries},
   JOURNAL = {Comput. Statist.},
  FJOURNAL = {Computational Statistics},
    VOLUME = {29},
      YEAR = {2014},
    NUMBER = {3-4},
     PAGES = {569--590},
      ISSN = {0943-4062},
   MRCLASS = {Expansion},
  MRNUMBER = {3261829},
       DOI = {10.1007/s00180-013-0441-6},
       URL = {http://dx.doi.org/10.1007/s00180-013-0441-6},
}

@article {Adler2002,
    AUTHOR = {Adler, Roy L. and Dedieu, Jean-Pierre and Margulies, Joseph Y.
              and Martens, Marco and Shub, Mike},
     TITLE = {Newton's method on {R}iemannian manifolds and a geometric
              model for the human spine},
   JOURNAL = {IMA J. Numer. Anal.},
  FJOURNAL = {IMA Journal of Numerical Analysis},
    VOLUME = {22},
      YEAR = {2002},
    NUMBER = {3},
     PAGES = {359--390},
      ISSN = {0272-4979},
   MRCLASS = {65H10 (74L15 92C10)},
  MRNUMBER = {1918655},
MRREVIEWER = {N. L. Vulchanov},
       DOI = {10.1093/imanum/22.3.359},
       URL = {http://dx.doi.org/10.1093/imanum/22.3.359},
}

@book {Hiriart1993,
    AUTHOR = {Hiriart-Urruty, Jean-Baptiste and Lemar\'echal, Claude},
     TITLE = {Convex analysis and minimization algorithms. {I}},
    SERIES = {Grundlehren der Mathematischen Wissenschaften [Fundamental
              Principles of Mathematical Sciences]},
    VOLUME = {305},
      NOTE = {Fundamentals},
 PUBLISHER = {Springer-Verlag, Berlin},
      YEAR = {1993},
     PAGES = {xviii+417},
      ISBN = {3-540-56850-6},
   MRCLASS = {90-01 (26B25 49-01)},
  MRNUMBER = {1261420},
MRREVIEWER = {B. Mordukhovich},
}

@article {Wen2013,
    AUTHOR = {Wen, Zaiwen and Yin, Wotao},
     TITLE = {A feasible method for optimization with orthogonality
              constraints},
   JOURNAL = {Math. Program.},
  FJOURNAL = {Mathematical Programming},
    VOLUME = {142},
      YEAR = {2013},
    NUMBER = {1-2, Ser. A},
     PAGES = {397--434},
      ISSN = {0025-5610},
   MRCLASS = {90C22 (65K10 90C27 90C30)},
  MRNUMBER = {3127080},
MRREVIEWER = {Roman Sznajder},
       DOI = {10.1007/s10107-012-0584-1},
       URL = {http://dx.doi.org/10.1007/s10107-012-0584-1},
}

@article{Bittencourt2016,
    AUTHOR = {Bittencourt, T and Ferreira, OP},
     TITLE = {Kantorovich?s theorem on Newton?s method under majorant condition in Riemannian manifolds},
   JOURNAL = {Journal of Global Optimization},
   PAGES = {1--25},
  YEAR = {2016},
  PUBLISHER = {Springer}
}

@article {Nash1956,
    AUTHOR = {Nash, John},
     TITLE = {The imbedding problem for {R}iemannian manifolds},
   JOURNAL = {Ann. of Math. (2)},
  FJOURNAL = {Annals of Mathematics. Second Series},
    VOLUME = {63},
      YEAR = {1956},
     PAGES = {20--63},
      ISSN = {0003-486X},
   MRCLASS = {53.1X},
  MRNUMBER = {0075639},
MRREVIEWER = {J. Schwartz},
}

@article {Moser1961,
    AUTHOR = {Moser, J{\"u}rgen},
     TITLE = {A new technique for the construction of solutions of nonlinear
              differential equations},
   JOURNAL = {Proc. Nat. Acad. Sci. U.S.A.},
  FJOURNAL = {Proceedings of the National Academy of Sciences of the United
              States of America},
    VOLUME = {47},
      YEAR = {1961},
     PAGES = {1824--1831},
      ISSN = {0027-8424},
   MRCLASS = {34.04 (34.10)},
  MRNUMBER = {0132859},
MRREVIEWER = {A. Stokes},
}

@book {Absil2009,
    AUTHOR = {Absil, P.-A. and Mahony, R. and Sepulchre, R.},
     TITLE = {Optimization algorithms on matrix manifolds},
 PUBLISHER = {Princeton University Press, Princeton, NJ},
      YEAR = {2008},
     PAGES = {xvi+224},
      ISBN = {978-0-691-13298-3},
   MRCLASS = {90-02 (58E17 90C30 90C52)},
  MRNUMBER = {2364186},
MRREVIEWER = {Anders Linn{\'e}r},
       DOI = {10.1515/9781400830244},
       URL = {http://dx.doi.org/10.1515/9781400830244},
}

@article {Rapcsak1989,
    AUTHOR = {Rapcs{\'a}k, T.},
     TITLE = {Minimum problems on differentiable manifolds},
   JOURNAL = {Optimization},
  FJOURNAL = {Optimization. A Journal of Mathematical Programming and
              Operations Research},
    VOLUME = {20},
      YEAR = {1989},
    NUMBER = {1},
     PAGES = {3--13},
      ISSN = {0233-1934},
   MRCLASS = {90C30 (58E17 90C48)},
  MRNUMBER = {977215},
MRREVIEWER = {Constantin Udri{\c{s}}te},
       DOI = {10.1080/02331938908843405},
       URL = {http://dx.doi.org/10.1080/02331938908843405},
}

@article {Li2009,
    AUTHOR = {Li, Chong and Wang, Jin-Hua and Dedieu, Jean-Pierre},
     TITLE = {Smale's point estimate theory for {N}ewton's method on {L}ie
              groups},
   JOURNAL = {J. Complexity},
  FJOURNAL = {Journal of Complexity},
    VOLUME = {25},
      YEAR = {2009},
    NUMBER = {2},
     PAGES = {128--151},
      ISSN = {0885-064X},
   MRCLASS = {65H05 (65J15)},
  MRNUMBER = {2513612},
       DOI = {10.1016/j.jco.2008.11.001},
       URL = {http://dx.doi.org/10.1016/j.jco.2008.11.001},
}

@article {Argyros2009,
    AUTHOR = {Argyros, Ioannis K. and Hilout, Sa{\"{\i}}d},
     TITLE = {Newton's method for approximating zeros of vector fields on
              {R}iemannian manifolds},
   JOURNAL = {J. Appl. Math. Comput.},
  FJOURNAL = {Journal of Applied Mathematics and Computing},
    VOLUME = {29},
      YEAR = {2009},
    NUMBER = {1-2},
     PAGES = {417--427},
      ISSN = {1598-5865},
   MRCLASS = {65H10 (47J25 49M15)},
  MRNUMBER = {2472123},
       DOI = {10.1007/s12190-008-0142-4},
       URL = {http://dx.doi.org/10.1007/s12190-008-0142-4},
}

@article {Schulz2014,
    AUTHOR = {Schulz, Volker H.},
     TITLE = {A {R}iemannian view on shape optimization},
   JOURNAL = {Found. Comput. Math.},
  FJOURNAL = {Foundations of Computational Mathematics. The Journal of the
              Society for the Foundations of Computational Mathematics},
    VOLUME = {14},
      YEAR = {2014},
    NUMBER = {3},
     PAGES = {483--501},
      ISSN = {1615-3375},
   MRCLASS = {49Q10 (53B20)},
  MRNUMBER = {3201954},
MRREVIEWER = {Luca Granieri},
       DOI = {10.1007/s10208-014-9200-5},
       URL = {http://dx.doi.org/10.1007/s10208-014-9200-5},
}

@article {Wang2009,
    AUTHOR = {Wang, Jin-Hua and Li, Chong},
     TITLE = {Kantorovich's theorems for {N}ewton's method for mappings and
              optimization problems on {L}ie groups},
   JOURNAL = {IMA J. Numer. Anal.},
  FJOURNAL = {IMA Journal of Numerical Analysis},
    VOLUME = {31},
      YEAR = {2011},
    NUMBER = {1},
     PAGES = {322--347},
      ISSN = {0272-4979},
     CODEN = {IJNADN},
   MRCLASS = {65K10 (49K27 65H10)},
  MRNUMBER = {2755948},
MRREVIEWER = {Jos{\'e} M. Guti{\'e}rrez},
       DOI = {10.1093/imanum/drp015},
       URL = {http://dx.doi.org/10.1093/imanum/drp015},
}

@article {Ferreira2012,
    AUTHOR = {Ferreira, Orizon P. and Silva, Roberto C. M.},
     TITLE = {Local convergence of {N}ewton's method under a majorant
              condition in {R}iemannian manifolds},
   JOURNAL = {IMA J. Numer. Anal.},
  FJOURNAL = {IMA Journal of Numerical Analysis},
    VOLUME = {32},
      YEAR = {2012},
    NUMBER = {4},
     PAGES = {1696--1713},
      ISSN = {0272-4979},
     CODEN = {IJNADN},
   MRCLASS = {65J15 (65H10)},
  MRNUMBER = {2991842},
MRREVIEWER = {A. M. Galperin},
       DOI = {10.1093/imanum/drr048},
       URL = {http://dx.doi.org/10.1093/imanum/drr048},
}

@article {Ferreira2002,
    AUTHOR = {Ferreira, O. P. and Svaiter, B. F.},
     TITLE = {Kantorovich's theorem on {N}ewton's method in {R}iemannian
              manifolds},
   JOURNAL = {J. Complexity},
  FJOURNAL = {Journal of Complexity},
    VOLUME = {18},
      YEAR = {2002},
    NUMBER = {1},
     PAGES = {304--329},
      ISSN = {0885-064X},
   MRCLASS = {65J15 (58E99)},
  MRNUMBER = {1895088},
       DOI = {10.1006/jcom.2001.0582},
       URL = {http://dx.doi.org/10.1006/jcom.2001.0582},
}

@article {Li2006,
    AUTHOR = {Li, Chong and Wang, Jinhua},
     TITLE = {Newton's method on {R}iemannian manifolds: {S}male's point
              estimate theory under the {$\gamma$}-condition},
   JOURNAL = {IMA J. Numer. Anal.},
  FJOURNAL = {IMA Journal of Numerical Analysis},
    VOLUME = {26},
      YEAR = {2006},
    NUMBER = {2},
     PAGES = {228--251},
      ISSN = {0272-4979},
     CODEN = {IJNADN},
   MRCLASS = {65H10 (58C15)},
  MRNUMBER = {2218632},
MRREVIEWER = {T. Y. Li},
       DOI = {10.1093/imanum/dri039},
       URL = {http://dx.doi.org/10.1093/imanum/dri039},
}

@article {Huang2015,
    AUTHOR = {Huang, Wen and Gallivan, K. A. and Absil, P.-A.},
     TITLE = {A {B}royden class of quasi-{N}ewton methods for {R}iemannian
              optimization},
   JOURNAL = {SIAM J. Optim.},
  FJOURNAL = {SIAM Journal on Optimization},
    VOLUME = {25},
      YEAR = {2015},
    NUMBER = {3},
     PAGES = {1660--1685},
      ISSN = {1052-6234},
   MRCLASS = {90C53 (65H10 65K05 90C48)},
  MRNUMBER = {3385608},
MRREVIEWER = {Marcin Anholcer},
       DOI = {10.1137/140955483},
       URL = {http://dx.doi.org/10.1137/140955483},
}

@article {LiLopezMartin-Marquez2009,
    AUTHOR = {Li, Chong and L{\'o}pez, Genaro and Mart{\'{\i}}n-M{\'a}rquez,
              Victoria},
     TITLE = {Monotone vector fields and the proximal point algorithm on
              {H}adamard manifolds},
   JOURNAL = {J. Lond. Math. Soc. (2)},
  FJOURNAL = {Journal of the London Mathematical Society. Second Series},
    VOLUME = {79},
      YEAR = {2009},
    NUMBER = {3},
     PAGES = {663--683},
      ISSN = {0024-6107},
   MRCLASS = {47J25 (47H05 49J40 53C20 90C32)},
  MRNUMBER = {2506692},
MRREVIEWER = {S{\'a}ndor Z. N{\'e}meth},
       DOI = {10.1112/jlms/jdn087},
       URL = {http://dx.doi.org/10.1112/jlms/jdn087},
}

@article {LiWang2008,
    AUTHOR = {Li, Chong and Wang, Jinhua},
     TITLE = {Newton's method for sections on {R}iemannian manifolds:
              generalized covariant {$\alpha$}-theory},
   JOURNAL = {J. Complexity},
  FJOURNAL = {Journal of Complexity},
    VOLUME = {24},
      YEAR = {2008},
    NUMBER = {3},
     PAGES = {423--451},
      ISSN = {0885-064X},
   MRCLASS = {65H05 (47J25)},
  MRNUMBER = {2426762},
MRREVIEWER = {R. P. Tewarson},
       DOI = {10.1016/j.jco.2007.12.003},
       URL = {http://dx.doi.org/10.1016/j.jco.2007.12.003},
}

@article {HuLiYang2016,
    AUTHOR = {Hu, Yaohua and Li, Chong and Yang, Xiaoqi},
     TITLE = {On convergence rates of linearized proximal algorithms for
              convex composite optimization with applications},
   JOURNAL = {SIAM J. Optim.},
  FJOURNAL = {SIAM Journal on Optimization},
    VOLUME = {26},
      YEAR = {2016},
    NUMBER = {2},
     PAGES = {1207--1235},
      ISSN = {1052-6234},
     CODEN = {SJOPE8},
   MRCLASS = {65K05 (49M37 90C26)},
  MRNUMBER = {3501369},
       DOI = {10.1137/140993090},
       URL = {http://dx.doi.org/10.1137/140993090},
}

@article {Ring2012,
    AUTHOR = {Ring, Wolfgang and Wirth, Benedikt},
     TITLE = {Optimization methods on {R}iemannian manifolds and their
              application to shape space},
   JOURNAL = {SIAM J. Optim.},
  FJOURNAL = {SIAM Journal on Optimization},
    VOLUME = {22},
      YEAR = {2012},
    NUMBER = {2},
     PAGES = {596--627},
      ISSN = {1052-6234},
   MRCLASS = {90C48 (90C53)},
  MRNUMBER = {2968868},
MRREVIEWER = {Constantin Udri{\c{s}}te},
       DOI = {10.1137/11082885X},
       URL = {http://dx.doi.org/10.1137/11082885X},
}

@article {Manton2015,
    AUTHOR = {Manton, Jonathan H.},
     TITLE = {A framework for generalising the {N}ewton method and other
              iterative methods from {E}uclidean space to manifolds},
   JOURNAL = {Numer. Math.},
  FJOURNAL = {Numerische Mathematik},
    VOLUME = {129},
      YEAR = {2015},
    NUMBER = {1},
     PAGES = {91--125},
      ISSN = {0029-599X},
   MRCLASS = {49M15},
  MRNUMBER = {3296153},
MRREVIEWER = {Vyacheslav V. Kalashnikov},
       DOI = {10.1007/s00211-014-0630-4},
       URL = {http://dx.doi.org/10.1007/s00211-014-0630-4},
}

@article {Yang2007,
    AUTHOR = {Yang, Y.},
     TITLE = {Globally convergent optimization algorithms on {R}iemannian
              manifolds: uniform framework for unconstrained and constrained
              optimization},
   JOURNAL = {J. Optim. Theory Appl.},
  FJOURNAL = {Journal of Optimization Theory and Applications},
    VOLUME = {132},
      YEAR = {2007},
    NUMBER = {2},
     PAGES = {245--265},
      ISSN = {0022-3239},
     CODEN = {JOTABN},
   MRCLASS = {90C52 (65K10)},
  MRNUMBER = {2335288},
MRREVIEWER = {Anders Linn{\'e}r},
       DOI = {10.1007/s10957-006-9081-0},
       URL = {http://dx.doi.org/10.1007/s10957-006-9081-0},
}

@book {Kantorovich1959,
    AUTHOR = {Kantorovich, L. V. and Akilov, G. P.},
     TITLE = {Functional Analysis in Normed Space},
 PUBLISHER = {Gosudarstv. Izdat. Fis.-Mat. Lit., Moscow},
      YEAR = {1959},
     PAGES = {684},
   MRCLASS = {46.00},
  MRNUMBER = {0119071},
MRREVIEWER = {Edwin Hewitt},
}

@book {Ortega1990,
    AUTHOR = {Ortega, James M.},
     TITLE = {Numerical analysis. {A} second course},
      NOTE = {Computer Science and Applied Mathematics},
 PUBLISHER = {Academic Press, New York-London},
      YEAR = {1972},
     PAGES = {xiii+201},
   MRCLASS = {65-02},
  MRNUMBER = {0403154},
}

@book {Ortega2000,
    AUTHOR = {Ortega, J. M. and Rheinboldt, W. C.},
     TITLE = {Iterative solution of nonlinear equations in several
              variables},
    SERIES = {Classics in Applied Mathematics},
    VOLUME = {30},
      NOTE = {Reprint of the 1970 original},
 PUBLISHER = {Society for Industrial and Applied Mathematics (SIAM),
              Philadelphia, PA},
      YEAR = {2000},
     PAGES = {xxvi+572},
      ISBN = {0-89871-461-3},
   MRCLASS = {65-02 (65H10)},
  MRNUMBER = {1744713},
       DOI = {10.1137/1.9780898719468},
      URL = {http://dx.doi.org/10.1137/1.9780898719468},
}

@incollection {Kostina2000,
    AUTHOR = {Bock, H. Georg and Kostina, Ekaterina and Schl\"oder, Johannes
              P.},
     TITLE = {On the role of natural level functions to achieve global
              convergence for damped {N}ewton methods},
 BOOKTITLE = {System modelling and optimization ({C}ambridge, 1999)},
     PAGES = {51--74},
 PUBLISHER = {Kluwer Acad. Publ., Boston, MA},
      YEAR = {2000},
   MRCLASS = {65H10 (90C30)},
  MRNUMBER = {1770266},
MRREVIEWER = {Jos\~A\copyright{} Mario Mart\~A-nez},
}

@inproceedings{Burdakov1980,
   AUTHOR = {Burdakov, Oleg},
  TITLE = {Some globally convergent modifications of Newton's method for solving systems of nonlinear equations},
  BOOKTITLE = {Soviet mathematics-Doklady},
  VOLUME = {22},
  YEAR = {1980},
  PAGES = {376--378},
}

@article {Danie1994,
    AUTHOR = {Ralph, Daniel},
     TITLE = {Global convergence of damped {N}ewton's method for nonsmooth
              equations via the path search},
   JOURNAL = {Math. Oper. Res.},
  FJOURNAL = {Mathematics of Operations Research},
    VOLUME = {19},
      YEAR = {1994},
    NUMBER = {2},
     PAGES = {352--389},
      ISSN = {0364-765X},
   MRCLASS = {49J40 (49J52 65K05 90C33)},
  MRNUMBER = {1290505},
MRREVIEWER = {Xiaojun Chen},
       DOI = {10.1287/moor.19.2.352},
       URL = {http://dx.doi.org/10.1287/moor.19.2.352},
}

@article {Crockett1955,
    AUTHOR = {Crockett, Jean Bronfenbrenner and Chernoff, Herman},
     TITLE = {Gradient methods of maximization},
   JOURNAL = {Pacific J. Math.},
  FJOURNAL = {Pacific Journal of Mathematics},
    VOLUME = {5},
      YEAR = {1955},
     PAGES = {33--50},
      ISSN = {0030-8730},
   MRCLASS = {65.0X},
  MRNUMBER = {0075676},
MRREVIEWER = {M. R. Hestenes},
       URL = {http://projecteuclid.org/euclid.pjm/1103044606},
}

@article {Potschka2016,
    AUTHOR = {Potschka, Andreas},
     TITLE = {Backward step control for global {N}ewton-type methods},
   JOURNAL = {SIAM J. Numer. Anal.},
  FJOURNAL = {SIAM Journal on Numerical Analysis},
    VOLUME = {54},
      YEAR = {2016},
    NUMBER = {1},
     PAGES = {361--387},
      ISSN = {0036-1429},
   MRCLASS = {65H10 (58C15 65H20 90C53)},
  MRNUMBER = {3459978},
MRREVIEWER = {Neli S. Dimitrova},
       DOI = {10.1137/140968586},
       URL = {http://dx.doi.org/10.1137/140968586},
}

@article {Bank1981,
    AUTHOR = {Bank, R. E. and Rose, D. J.},
     TITLE = {Global approximate {N}ewton methods},
   JOURNAL = {Numer. Math.},
  FJOURNAL = {Numerische Mathematik},
    VOLUME = {37},
      YEAR = {1981},
    NUMBER = {2},
     PAGES = {279--295},
      ISSN = {0029-599X},
   MRCLASS = {65H10 (58C15)},
  MRNUMBER = {623045},
MRREVIEWER = {Kurt Georg},
       DOI = {10.1007/BF01398257},
       URL = {http://dx.doi.org/10.1007/BF01398257},
}

@book {Solodov2014,
    AUTHOR = {Izmailov, Alexey F. and Solodov, Mikhail V.},
     TITLE = {Newton-type methods for optimization and variational problems},
    SERIES = {Springer Series in Operations Research and Financial
              Engineering},
 PUBLISHER = {Springer, Cham},
      YEAR = {2014},
     PAGES = {xx+573},
      ISBN = {978-3-319-04246-6; 978-3-319-04247-3},
   MRCLASS = {49-02 (49M15 65-02 90-02 90C53 90C55)},
  MRNUMBER = {3289054},
MRREVIEWER = {Christian Kanzow},
       DOI = {10.1007/978-3-319-04247-3},
       URL = {http://dx.doi.org/10.1007/978-3-319-04247-3},
}

@book {doCarmo1992,
    AUTHOR = {do Carmo, Manfredo Perdig{\~a}o},
     TITLE = {Riemannian geometry},
    SERIES = {Mathematics: Theory \& Applications},
      NOTE = {Translated from the second Portuguese edition by Francis
              Flaherty},
 PUBLISHER = {Birkh\"auser Boston, Inc., Boston, MA},
      YEAR = {1992},
     PAGES = {xiv+300},
      ISBN = {0-8176-3490-8},
   MRCLASS = {53-01},
  MRNUMBER = {1138207},
MRREVIEWER = {Bang-yen Chen},
       DOI = {10.1007/978-1-4757-2201-7},
       URL = {http://dx.doi.org/10.1007/978-1-4757-2201-7},
}

@book {Sakai1996,
    AUTHOR = {Sakai, Takashi},
     TITLE = {Riemannian geometry},
    SERIES = {Translations of Mathematical Monographs},
    VOLUME = {149},
      NOTE = {Translated from the 1992 Japanese original by the author},
 PUBLISHER = {American Mathematical Society, Providence, RI},
      YEAR = {1996},
     PAGES = {xiv+358},
      ISBN = {0-8218-0284-4},
   MRCLASS = {53-01 (53-02)},
  MRNUMBER = {1390760},
MRREVIEWER = {Conrad Plaut},
}

@article {Dedieu2003,
    AUTHOR = {Dedieu, Jean-Pierre and Priouret, Pierre and Malajovich,
              Gregorio},
     TITLE = {Newton's method on {R}iemannian manifolds: convariant alpha
              theory},
   JOURNAL = {IMA J. Numer. Anal.},
  FJOURNAL = {IMA Journal of Numerical Analysis},
    VOLUME = {23},
      YEAR = {2003},
    NUMBER = {3},
     PAGES = {395--419},
      ISSN = {0272-4979},
     CODEN = {IJNADN},
   MRCLASS = {65J15},
  MRNUMBER = {1987937},
       DOI = {10.1093/imanum/23.3.395},
       URL = {http://dx.doi.org/10.1093/imanum/23.3.395},
}
@book {Dieudonne1969,
    AUTHOR = {Dieudonn{\'e}, J.},
     TITLE = {Foundations of modern analysis},
      NOTE = {Enlarged and corrected printing,
              Pure and Applied Mathematics, Vol. 10-I},
 PUBLISHER = {Academic Press, New York-London},
      YEAR = {1969},
     PAGES = {xviii+387},
   MRCLASS = {00A05},
  MRNUMBER = {0349288},
}

@book {Lang1999,
    AUTHOR = {Lang, Serge},
     TITLE = {Fundamentals of differential geometry},
    SERIES = {Graduate Texts in Mathematics},
    VOLUME = {191},
 PUBLISHER = {Springer-Verlag, New York},
      YEAR = {1999},
     PAGES = {xviii+535},
      ISBN = {0-387-98593-X},
   MRCLASS = {53-01 (58-01)},
  MRNUMBER = {1666820},
MRREVIEWER = {Man Chun Leung},
       DOI = {10.1007/978-1-4612-0541-8},
       URL = {http://dx.doi.org/10.1007/978-1-4612-0541-8},
}

@article {Rothaus1960,
    AUTHOR = {Rothaus, Oscar S.},
     TITLE = {Domains of positivity},
   JOURNAL = {Abh. Math. Sem. Univ. Hamburg},
  FJOURNAL = {Abhandlungen aus dem Mathematischen Seminar der Universit\"at
              Hamburg},
    VOLUME = {24},
      YEAR = {1960},
     PAGES = {189--235},
      ISSN = {0025-5858},
   MRCLASS = {57.00 (32.00)},
  MRNUMBER = {0121810},
MRREVIEWER = {A. Kor\~A!`nyi},
       DOI = {10.1007/BF02942030},
       URL = {http://dx.doi.org/10.1007/BF02942030},
}

@article {Nesterov2002,
    AUTHOR = {Nesterov, Yu. E. and Todd, M. J.},
     TITLE = {On the {R}iemannian geometry defined by self-concordant
              barriers and interior-point methods},
   JOURNAL = {Found. Comput. Math.},
  FJOURNAL = {Foundations of Computational Mathematics. The Journal of the
              Society for the Foundations of Computational Mathematics},
    VOLUME = {2},
      YEAR = {2002},
    NUMBER = {4},
     PAGES = {333--361},
      ISSN = {1615-3375},
   MRCLASS = {90C51 (52A41 53C22 90C25)},
  MRNUMBER = {1930942},
MRREVIEWER = {Jos F. Sturm},
       DOI = {10.1007/s102080010032},
       URL = {http://dx.doi.org/10.1007/s102080010032},
}

@book {Milnor1963,
    AUTHOR = {Milnor, J.},
     TITLE = {Morse theory},
    SERIES = {Based on lecture notes by M. Spivak and R. Wells. Annals of
              Mathematics Studies, No. 51},
 PUBLISHER = {Princeton University Press, Princeton, N.J.},
      YEAR = {1963},
     PAGES = {vi+153},
   MRCLASS = {57.50 (53.72)},
  MRNUMBER = {0163331},
MRREVIEWER = {H. I. Levine},
}

@book {Kristaly2010,
    AUTHOR = {Krist\'aly, Alexandru and R\u adulescu, Vicen\c tiu D. and Varga,
              Csaba Gy\"orgy},
     TITLE = {Variational principles in mathematical physics, geometry, and
              economics},
    SERIES = {Encyclopedia of Mathematics and its Applications},
    VOLUME = {136},
      NOTE = {Qualitative analysis of nonlinear equations and unilateral
              problems,
              With a foreword by Jean Mawhin},
 PUBLISHER = {Cambridge University Press, Cambridge},
      YEAR = {2010},
     PAGES = {xvi+368},
      ISBN = {978-0-521-11782-1},
   MRCLASS = {49-02 (35A15 35B38 47J30 49J53 49S05 58E30 91B02)},
  MRNUMBER = {2683404},
MRREVIEWER = {Alberto Donoso},
       DOI = {10.1017/CBO9780511760631},
       URL = {http://dx.doi.org/10.1017/CBO9780511760631},
}

@book {Dennis1996,
    AUTHOR = {Dennis, Jr., J. E. and Schnabel, Robert B.},
     TITLE = {Numerical methods for unconstrained optimization and nonlinear
              equations},
    SERIES = {Classics in Applied Mathematics},
    VOLUME = {16},
      NOTE = {Corrected reprint of the 1983 original},
 PUBLISHER = {Society for Industrial and Applied Mathematics (SIAM),
              Philadelphia, PA},
      YEAR = {1996},
     PAGES = {xvi+378},
      ISBN = {0-89871-364-1},
   MRCLASS = {90-01 (65-01 65H05 65K05 90C30)},
  MRNUMBER = {1376139},
       DOI = {10.1137/1.9781611971200},
       URL = {http://dx.doi.org/10.1137/1.9781611971200},
}

@book {CottleAndPang1992,
    AUTHOR = {Cottle, Richard W. and Pang, Jong-Shi and Stone, Richard E.},
     TITLE = {The linear complementarity problem},
    SERIES = {Computer Science and Scientific Computing},
 PUBLISHER = {Academic Press, Inc., Boston, MA},
      YEAR = {1992},
     PAGES = {xxiv+762},
      ISBN = {0-12-192350-9},
   MRCLASS = {90-02 (65K05 90C33)},
  MRNUMBER = {1150683},
MRREVIEWER = {Michael M. Kostreva},
}

@article {FerrisAndPang,
    AUTHOR = {Ferris, M. C. and Pang, J. S.},
     TITLE = {Engineering and economic applications of complementarity
              problems},
   JOURNAL = {SIAM Rev.},
  FJOURNAL = {SIAM Review. A Publication of the Society for Industrial and
              Applied Mathematics},
    VOLUME = {39},
      YEAR = {1997},
    NUMBER = {4},
     PAGES = {669--713},
      ISSN = {0036-1445},
   MRCLASS = {90C33 (70E99 73T05)},
  MRNUMBER = {1491052},
MRREVIEWER = {Shinji Mizuno},
       DOI = {10.1137/S0036144595285963},
       URL = {http://dx.doi.org/10.1137/S0036144595285963},
}

@article {HarkerAndPatrickAndPang,
    AUTHOR = {Harker, Patrick T. and Pang, Jong-Shi},
     TITLE = {Finite-dimensional variational inequality and nonlinear
              complementarity problems: a survey of theory, algorithms and
              applications},
   JOURNAL = {Math. Programming},
  FJOURNAL = {Mathematical Programming},
    VOLUME = {48},
      YEAR = {1990},
    NUMBER = {2, (Ser. B)},
     PAGES = {161--220},
      ISSN = {0025-5610},
   MRCLASS = {90C33 (49J40)},
  MRNUMBER = {1073707},
       DOI = {10.1007/BF01582255},
       URL = {http://dx.doi.org/10.1007/BF01582255},
}

@incollection {LuoAndTseng,
    AUTHOR = {Luo, Zhi-Quan and Tseng, Paul},
     TITLE = {A new class of merit functions for the nonlinear
              complementarity problem},
 BOOKTITLE = {Complementarity and variational problems ({B}altimore, {MD},
              1995)},
     PAGES = {204--225},
 PUBLISHER = {SIAM, Philadelphia, PA},
      YEAR = {1997},
   MRCLASS = {90C33 (65K05)},
  MRNUMBER = {1445081},
MRREVIEWER = {J. Parida},
}

@article {PangAndQi,
    AUTHOR = {Pang, Jong-Shi and Qi, Li Qun},
     TITLE = {Nonsmooth equations: motivation and algorithms},
   JOURNAL = {SIAM J. Optim.},
  FJOURNAL = {SIAM Journal on Optimization},
    VOLUME = {3},
      YEAR = {1993},
    NUMBER = {3},
     PAGES = {443--465},
      ISSN = {1052-6234},
   MRCLASS = {90C33 (49J52 65H10)},
  MRNUMBER = {1230150},
MRREVIEWER = {Ekkehard W. Sachs},
       DOI = {10.1137/0803021},
       URL = {http://dx.doi.org/10.1137/0803021},
}

@book {Isac1992,
    AUTHOR = {Isac, George},
     TITLE = {Complementarity problems},
    SERIES = {Lecture Notes in Mathematics},
    VOLUME = {1528},
 PUBLISHER = {Springer-Verlag, Berlin},
      YEAR = {1992},
     PAGES = {vi+297},
      ISBN = {3-540-56251-6},
   MRCLASS = {49-02 (47H19 47N10 49J40 58E25 90C33)},
  MRNUMBER = {1222647},
MRREVIEWER = {Romesh Saigal},
       DOI = {10.1007/BFb0084653},
       URL = {http://dx.doi.org/10.1007/BFb0084653},
}

@article {HosseiniAndUschmajew,
    AUTHOR = {Hosseini, Seyedehsomayeh and Uschmajew, Andr\'e},
     TITLE = {A {R}iemannian gradient sampling algorithm for nonsmooth
              optimization on manifolds},
   JOURNAL = {SIAM J. Optim.},
  FJOURNAL = {SIAM Journal on Optimization},
    VOLUME = {27},
      YEAR = {2017},
    NUMBER = {1},
     PAGES = {173--189},
      ISSN = {1052-6234},
   MRCLASS = {49M20 (49J52 58C05 65K05)},
  MRNUMBER = {3606427},
       DOI = {10.1137/16M1069298},
       URL = {http://dx.doi.org/10.1137/16M1069298},
}


@article {FernandesAndFerreiraAndYuan2017,
    AUTHOR = {Fernandes, Teles A. and Ferreira, Orizon P. and Yuan, Jinyun},
     TITLE = {On the {S}uperlinear {C}onvergence of {N}ewton's {M}ethod on
              {R}iemannian {M}anifolds},
   JOURNAL = {J. Optim. Theory Appl.},
  FJOURNAL = {Journal of Optimization Theory and Applications},
    VOLUME = {173},
      YEAR = {2017},
    NUMBER = {3},
     PAGES = {828--843},
      ISSN = {0022-3239},
   MRCLASS = {90C30 (49M15 65K05)},
  MRNUMBER = {3654259},
       DOI = {10.1007/s10957-017-1107-2},
       URL = {http://dx.doi.org/10.1007/s10957-017-1107-2},
}

@article {Pang1990,
    AUTHOR = {Pang, Jong-Shi},
     TITLE = {Newton's method for {$B$}-differentiable equations},
   JOURNAL = {Math. Oper. Res.},
  FJOURNAL = {Mathematics of Operations Research},
    VOLUME = {15},
      YEAR = {1990},
    NUMBER = {2},
     PAGES = {311--341},
      ISSN = {0364-765X},
   MRCLASS = {49M15 (49J52 65H10 90C30)},
  MRNUMBER = {1051575},
       DOI = {10.1287/moor.15.2.311},
       URL = {http://dx.doi.org/10.1287/moor.15.2.311},
}

@article {FacchineiAndKanzow1997,
    AUTHOR = {Facchinei, Francisco and Kanzow, Christian},
     TITLE = {A nonsmooth inexact {N}ewton method for the solution of
              large-scale nonlinear complementarity problems},
   JOURNAL = {Math. Programming},
  FJOURNAL = {Mathematical Programming},
    VOLUME = {76},
      YEAR = {1997},
    NUMBER = {3, Ser. B},
     PAGES = {493--512},
      ISSN = {0025-5610},
   MRCLASS = {90C33 (65K05)},
  MRNUMBER = {1433968},
MRREVIEWER = {Zun Quan Xia},
       DOI = {10.1016/S0025-5610(96)00058-5},
       URL = {http://dx.doi.org/10.1016/S0025-5610(96)00058-5},
}

@article {Jiang1999,
    AUTHOR = {Jiang, Houyuan},
     TITLE = {Global convergence analysis of the generalized {N}ewton and
              {G}auss-{N}ewton methods of the {F}ischer-{B}urmeister
              equation for the complementarity problem},
   JOURNAL = {Math. Oper. Res.},
  FJOURNAL = {Mathematics of Operations Research},
    VOLUME = {24},
      YEAR = {1999},
    NUMBER = {3},
     PAGES = {529--543},
      ISSN = {0364-765X},
   MRCLASS = {90C53 (65H10 90C33)},
  MRNUMBER = {1854242},
       DOI = {10.1287/moor.24.3.529},
       URL = {http://dx.doi.org/10.1287/moor.24.3.529},
}

@article {Qi1993,
    AUTHOR = {Qi, Li Qun},
     TITLE = {Convergence analysis of some algorithms for solving nonsmooth
              equations},
   JOURNAL = {Math. Oper. Res.},
  FJOURNAL = {Mathematics of Operations Research},
    VOLUME = {18},
      YEAR = {1993},
    NUMBER = {1},
     PAGES = {227--244},
      ISSN = {0364-765X},
   MRCLASS = {65H10 (49J52 90C30)},
  MRNUMBER = {1250115},
       DOI = {10.1287/moor.18.1.227},
       URL = {http://dx.doi.org/10.1287/moor.18.1.227},
}

@article {HuangAndGallivanAndAbsil2015,
    AUTHOR = {Huang, Wen and Gallivan, K. A. and Absil, P.-A.},
     TITLE = {A {B}royden class of quasi-{N}ewton methods for {R}iemannian
              optimization},
   JOURNAL = {SIAM J. Optim.},
  FJOURNAL = {SIAM Journal on Optimization},
    VOLUME = {25},
      YEAR = {2015},
    NUMBER = {3},
     PAGES = {1660--1685},
      ISSN = {1052-6234},
   MRCLASS = {90C53 (65H10 65K05 90C48)},
  MRNUMBER = {3385608},
MRREVIEWER = {Marcin Anholcer},
       DOI = {10.1137/140955483},
       URL = {http://dx.doi.org/10.1137/140955483},
}

@article {AbsilAndBakerAndGallivan2007,
    AUTHOR = {Absil, P.-A. and Baker, C. G. and Gallivan, K. A.},
     TITLE = {Trust-region methods on {R}iemannian manifolds},
   JOURNAL = {Found. Comput. Math.},
  FJOURNAL = {Foundations of Computational Mathematics. The Journal of the
              Society for the Foundations of Computational Mathematics},
    VOLUME = {7},
      YEAR = {2007},
    NUMBER = {3},
     PAGES = {303--330},
      ISSN = {1615-3375},
   MRCLASS = {90C52 (58C05 65J05 65K05)},
  MRNUMBER = {2335248},
MRREVIEWER = {Constantin Udri\AA ÂŸte},
       DOI = {10.1007/s10208-005-0179-9},
       URL = {http://dx.doi.org/10.1007/s10208-005-0179-9},
}

@book {IzmailovAndSolodov2014,
    AUTHOR = {Izmailov, Alexey F. and Solodov, Mikhail V.},
     TITLE = {Newton-type methods for optimization and variational problems},
    SERIES = {Springer Series in Operations Research and Financial
              Engineering},
 PUBLISHER = {Springer, Cham},
      YEAR = {2014},
     PAGES = {xx+573},
      ISBN = {978-3-319-04246-6; 978-3-319-04247-3},
   MRCLASS = {49-02 (49M15 65-02 90-02 90C53 90C55)},
  MRNUMBER = {3289054},
MRREVIEWER = {Christian Kanzow},
       DOI = {10.1007/978-3-319-04247-3},
       URL = {http://dx.doi.org/10.1007/978-3-319-04247-3},
}

@book {Bertsekas2014,
    AUTHOR = {Bertsekas, Dimitri P.},
     TITLE = {Constrained optimization and {L}agrange multiplier methods},
    SERIES = {Computer Science and Applied Mathematics},
 PUBLISHER = {Academic Press, Inc. [Harcourt Brace Jovanovich, Publishers],
              New York-London},
      YEAR = {2014},
     PAGES = {xiii+395},
      ISBN = {0-12-093480-9},
   MRCLASS = {90C30 (49-02 65K10 90-02)},
  MRNUMBER = {690767},
MRREVIEWER = {G. Di Pillo},
}

@book {Deuflhard2011,
    AUTHOR = {Deuflhard, Peter},
     TITLE = {Newton methods for nonlinear problems},
    SERIES = {Springer Series in Computational Mathematics},
    VOLUME = {35},
      NOTE = {Affine invariance and adaptive algorithms,
              First softcover printing of the 2006 corrected printing},
 PUBLISHER = {Springer, Heidelberg},
      YEAR = {2011},
     PAGES = {xii+424},
      ISBN = {978-3-642-23898-7},
   MRCLASS = {65-02 (65Hxx)},
  MRNUMBER = {2893875},
       DOI = {10.1007/978-3-642-23899-4},
       URL = {http://dx.doi.org/10.1007/978-3-642-23899-4},
}

@article{Birtea2018,
   AUTHOR = {Birtea, Petre and Casu, Ioan and Comanescu, Dan},
   TITLE = {Newton algorithm on Stiefel manifolds},
  JOURNAL = {arXiv preprint arXiv:1802.05469},
  YEAR = {2018}
}

@book{datta2004,
  title={Numerical methods for linear control systems: design and analysis},
  author={Datta, Biswa Nath},
  volume={1},
  year={2004},
  publisher={Academic Press}
}

@article {Luenberger1972,
    AUTHOR = {Luenberger, David G.},
     TITLE = {The gradient projection method along geodesics},
   JOURNAL = {Management Sci.},
  FJOURNAL = {Management Science. Journal of the Institute of Management
              Science. Application and Theory Series},
    VOLUME = {18},
      YEAR = {1972},
     PAGES = {620--631},
      ISSN = {0025-1909},
   MRCLASS = {65K05 (49D10)},
  MRNUMBER = {0362899},
MRREVIEWER = {E. M. L. Beale},
}

@article {Hosseini2017,
    AUTHOR = {Hosseini, Seyedehsomayeh and Uschmajew, Andr\'e},
     TITLE = {A {R}iemannian gradient sampling algorithm for nonsmooth
              optimization on manifolds},
   JOURNAL = {SIAM J. Optim.},
  FJOURNAL = {SIAM Journal on Optimization},
    VOLUME = {27},
      YEAR = {2017},
    NUMBER = {1},
     PAGES = {173--189},
      ISSN = {1052-6234},
   MRCLASS = {49M20 (49J52 58C05 65K05)},
  MRNUMBER = {3606427},
       DOI = {10.1137/16M1069298},
       URL = {http://dx.doi.org/10.1137/16M1069298},
}

@article {Borckmansan2014,
    AUTHOR = {Borckmans, Pierre B. and Easter Selvan, S. and Boumal, Nicolas
              and Absil, P.-A.},
     TITLE = {A {R}iemannian subgradient algorithm for economic dispatch
              with valve-point effect},
   JOURNAL = {J. Comput. Appl. Math.},
  FJOURNAL = {Journal of Computational and Applied Mathematics},
    VOLUME = {255},
      YEAR = {2014},
     PAGES = {848--866},
      ISSN = {0377-0427},
   MRCLASS = {91B99 (53Axx 90C56)},
  MRNUMBER = {3093466},
       DOI = {10.1016/j.cam.2013.07.002},
       URL = {http://dx.doi.org/10.1016/j.cam.2013.07.002},
}

@article {GrohsandHosseini2016,
    AUTHOR = {Grohs, P. and Hosseini, S.},
     TITLE = {Nonsmooth trust region algorithms for locally {L}ipschitz
              functions on {R}iemannian manifolds},
   JOURNAL = {IMA J. Numer. Anal.},
  FJOURNAL = {IMA Journal of Numerical Analysis},
    VOLUME = {36},
      YEAR = {2016},
    NUMBER = {3},
     PAGES = {1167--1192},
      ISSN = {0272-4979},
   MRCLASS = {65K10 (90C26 90C55)},
  MRNUMBER = {3523580},
       DOI = {10.1093/imanum/drv043},
       URL = {http://dx.doi.org/10.1093/imanum/drv043},
}

@article{grohs2016varepsilon,
  title={$\varepsilon$-subgradient algorithms for locally lipschitz functions on Riemannian manifolds.},
  author={Grohs, Philipp and Hosseini, Seyedehsomayeh},
  journal={Adv. Comput. Math.},
  volume={42},
  number={2},
  pages={333--360},
  year={2016}
}

@inproceedings{HuangAbsilGallivan2016,
  title={A Riemannian BFGS method for nonconvex optimization problems},
  author={Huang, Wen and Absil, P-A and Gallivan, Kyle A},
  booktitle={Numerical Mathematics and Advanced Applications ENUMATH 2015},
  pages={627--634},
  year={2016},
  organization={Springer}
}

@article{kovnatsky2015madmm,
  title={MADMM: A generic algorithm for non-smooth optimization on manifolds},
  author={Kovnatsky, Artiom and Glashoff, Klaus and Bronstein, Michael M},
  journal={arXiv preprint arXiv:1505.07676},
  year={2015}
}

@article {ZhaoBaiJin2015,
    AUTHOR = {Zhao, Zhi and Bai, Zheng-Jian and Jin, Xiao-Qing},
     TITLE = {A {R}iemannian {N}ewton algorithm for nonlinear eigenvalue
              problems},
   JOURNAL = {SIAM J. Matrix Anal. Appl.},
  FJOURNAL = {SIAM Journal on Matrix Analysis and Applications},
    VOLUME = {36},
      YEAR = {2015},
    NUMBER = {2},
     PAGES = {752--774},
      ISSN = {0895-4798},
   MRCLASS = {65F15 (15A18 47J10 49M15)},
  MRNUMBER = {3355771},
MRREVIEWER = {Shwetabh Srivastava},
       DOI = {10.1137/140967994},
       URL = {http://dx.doi.org/10.1137/140967994},
}

@article {CambierAbsil2016,
    AUTHOR = {Cambier, L\'eopold and Absil, P.-A.},
     TITLE = {Robust low-rank matrix completion by {R}iemannian
              optimization},
   JOURNAL = {SIAM J. Sci. Comput.},
  FJOURNAL = {SIAM Journal on Scientific Computing},
    VOLUME = {38},
      YEAR = {2016},
    NUMBER = {5},
     PAGES = {S440--S460},
      ISSN = {1064-8275},
   MRCLASS = {65K10 (15A83 65F99 90C90)},
  MRNUMBER = {3565571},
MRREVIEWER = {Jos\~A\copyright{} Eduardo Souza de Cursi},
       DOI = {10.1137/15M1025153},
       URL = {http://dx.doi.org/10.1137/15M1025153},
}

@article {SatoIwai2013,
    AUTHOR = {Sato, Hiroyuki and Iwai, Toshihiro},
     TITLE = {A {R}iemannian optimization approach to the matrix singular
              value decomposition},
   JOURNAL = {SIAM J. Optim.},
  FJOURNAL = {SIAM Journal on Optimization},
    VOLUME = {23},
      YEAR = {2013},
    NUMBER = {1},
     PAGES = {188--212},
      ISSN = {1052-6234},
   MRCLASS = {65F15 (90C53)},
  MRNUMBER = {3033104},
MRREVIEWER = {Fatemeh Panjeh Ali Beik},
       DOI = {10.1137/120872887},
       URL = {http://dx.doi.org/10.1137/120872887},
}

@article {BentoFerreira2017,
    AUTHOR = {Bento, Glaydston C. and Ferreira, Orizon P. and Melo,
              Jefferson G.},
     TITLE = {Iteration-complexity of gradient, subgradient and proximal
              point methods on {R}iemannian manifolds},
   JOURNAL = {J. Optim. Theory Appl.},
  FJOURNAL = {Journal of Optimization Theory and Applications},
    VOLUME = {173},
      YEAR = {2017},
    NUMBER = {2},
     PAGES = {548--562},
      ISSN = {0022-3239},
   MRCLASS = {90C30 (49M37 65K05)},
  MRNUMBER = {3634803},
       DOI = {10.1007/s10957-017-1093-4},
       URL = {http://dx.doi.org/10.1007/s10957-017-1093-4},
}

@article {BittencourtFerreira2017,
    AUTHOR = {Bittencourt, T. and Ferreira, O. P.},
     TITLE = {Kantorovich's theorem on {N}ewton's method under majorant
              condition in {R}iemannian manifolds},
   JOURNAL = {J. Global Optim.},
  FJOURNAL = {Journal of Global Optimization. An International Journal
              Dealing with Theoretical and Computational Aspects of Seeking
              Global Optima and Their Applications in Science, Management
              and Engineering},
    VOLUME = {68},
      YEAR = {2017},
    NUMBER = {2},
     PAGES = {387--411},
      ISSN = {0925-5001},
   MRCLASS = {49M15 (53C21 65J15)},
  MRNUMBER = {3649545},
       DOI = {10.1007/s10898-016-0472-y},
       URL = {http://dx.doi.org/10.1007/s10898-016-0472-y},
}

@article {robotic2002,
    AUTHOR = {Helmke, Uwe and Ricardo, Sandra and Yoshizawa, Shintaro},
     TITLE = {Newton's algorithm in {E}uclidean {J}ordan algebras, with
              applications to robotics},
      NOTE = {Dedicated to the 60th birthday of John B. Moore, Part I},
   JOURNAL = {Commun. Inf. Syst.},
  FJOURNAL = {Communications in Information and Systems},
    VOLUME = {2},
      YEAR = {2002},
    NUMBER = {3},
     PAGES = {283--297},
      ISSN = {1526-7555},
   MRCLASS = {93C85 (17C99 90C25 90C48)},
  MRNUMBER = {2030956},
MRREVIEWER = {Clementina D. Mladenova},
       DOI = {10.4310/CIS.2002.v2.n3.a5},
       URL = {https://doi.org/10.4310/CIS.2002.v2.n3.a5},
}

@incollection {robotic2007,
    AUTHOR = {Dirr, Gunther and Helmke, Uwe and Lageman, Christian},
     TITLE = {Nonsmooth {R}iemannian optimization with applications to
              sphere packing and grasping},
 BOOKTITLE = {Lagrangian and {H}amiltonian methods for nonlinear control
              2006},
    SERIES = {Lect. Notes Control Inf. Sci.},
    VOLUME = {366},
     PAGES = {29--45},
 PUBLISHER = {Springer, Berlin},
      YEAR = {2007},
   MRCLASS = {90C52 (49J52 49M15 70B99 93C85)},
  MRNUMBER = {2376929},
MRREVIEWER = {Constantin Udri\c ste},
       DOI = {10.1007/978-3-540-73890-9_2},
       URL = {https://doi.org/10.1007/978-3-540-73890-9_2},
}

@article{robotic2002_2,
author={Helmke,U. and HÃ¼per,K. and Moore,J. B.},
year={2002},
title={Quadratically convergent algorithms for optimal dextrous hand grasping},
journal={IEEE Transactions on Robotics and Automation},
volume={18},
number={2},
pages={138-146},
note={Cited By :58},
url={www.scopus.com},
}

@article {JiangDanchiandMoorejohnBandJiHuibo2007,
    AUTHOR = {Jiang, Danchi and Moore, John B. and Ji, Huibo},
     TITLE = {Self-concordant functions for optimization on smooth
              manifolds},
   JOURNAL = {J. Global Optim.},
  FJOURNAL = {Journal of Global Optimization. An International Journal
              Dealing with Theoretical and Computational Aspects of Seeking
              Global Optima and Their Applications in Science, Management
              and Engineering},
    VOLUME = {38},
      YEAR = {2007},
    NUMBER = {3},
     PAGES = {437--457},
      ISSN = {0925-5001},
   MRCLASS = {90C53 (58E17 65K10)},
  MRNUMBER = {2328023},
MRREVIEWER = {Ji-Ming Peng},
       DOI = {10.1007/s10898-006-9095-z},
       URL = {https://doi.org/10.1007/s10898-006-9095-z},
}

@article{NicolasBoumalandEtal2014,
  author    = {Nicolas Boumal and
               Bamdev Mishra and
               Pierre{-}Antoine Absil and
               Rodolphe Sepulchre},
  title     = {Manopt, a matlab toolbox for optimization on manifolds},
  journal   = {Journal of Machine Learning Research},
  volume    = {15},
  number    = {1},
  pages     = {1455--1459},
  year      = {2014},
  url       = {http://dl.acm.org/citation.cfm?id=2638581},
  timestamp = {Sat, 28 Jun 2014 16:32:12 +0200},
  biburl    = {https://dblp.org/rec/bib/journals/jmlr/BoumalMAS14},
  bibsource = {dblp computer science bibliography, https://dblp.org}
}

@incollection {Huang_Absil_Gallivan2015,
    AUTHOR = {Huang, Wen and Absil, P.-A. and Gallivan, Kyle A.},
     TITLE = {A {R}iemannian {BFGS} method for nonconvex optimization
              problems},
 BOOKTITLE = {Numerical mathematics and advanced applications---{ENUMATH}
              2015},
    SERIES = {Lect. Notes Comput. Sci. Eng.},
    VOLUME = {112},
     PAGES = {627--634},
 PUBLISHER = {Springer, [Cham]},
      YEAR = {2016},
   MRCLASS = {65K10 (90C53)},
  MRNUMBER = {3706408},
}

@article{bortolotiandfernandesandferreira,
 AUTHOR = {Bortoloti, Marcio Antonio de Andrade and Fernandes, Teles Araujo and Ferreira, Orizon Pereira},
  TITLE = {On the globalization of Riemannian Newton method},
  JOURNAL = {arXiv preprint arXiv:2008.06557},
  YEAR = {2020},
}

@article {Manton2002,
    AUTHOR = {Manton, Jonathan H.},
     TITLE = {Optimization algorithms exploiting unitary constraints},
   JOURNAL = {IEEE Trans. Signal Process.},
  FJOURNAL = {IEEE Transactions on Signal Processing},
    VOLUME = {50},
      YEAR = {2002},
    NUMBER = {3},
     PAGES = {635--650},
      ISSN = {1053-587X},
   MRCLASS = {90C30},
  MRNUMBER = {1895067},
       DOI = {10.1109/78.984753},
       URL = {https://doi.org/10.1109/78.984753},
}

@book{sato2021,
TITLE={Riemannian Optimization and Its Applications}, AUTHOR={Sato, Hiroyuki},
YEAR={2021},
PUBLISHER={Springer Nature}
}


@article{bortoloti2022efficient,
    AUTHOR = {Bortoloti, M. A. A. and Fernandes, T. A. and Ferreira, O. P.},
     TITLE = {An efficient damped {N}ewton-type algorithm with globalization
              strategy on {R}iemannian manifolds},
   JOURNAL = {J. Comput. Appl. Math.},
  FJOURNAL = {Journal of Computational and Applied Mathematics},
    VOLUME = {403},
      YEAR = {2022},
     PAGES = {Paper No. 113853, 15},
      ISSN = {0377-0427},
   MRCLASS = {49M15 (65K05 90C30)},
  MRNUMBER = {4328626},
       DOI = {10.1016/j.cam.2021.113853},
       URL = {https://doi.org/10.1016/j.cam.2021.113853},
}
